1\newcommand{\VeriFun}{{\mbox{{\Large $\checkmark $}\hspace{-0.23cm}\texttt{eriFun} \hspace{-0.3cm}} }}

@techreport{OS:TheoryInterpretationsPVS,
        Author= {S. Owre and N. Shankar},
        Title= {Theory {I}nterpretations in {PVS}},
        Number= {SRI-CSL-01-01},
        Institution= {Computer Science Laboratory, SRI International},
        Address= {Menlo Park, CA},
        Month= apr,
        Year= 2001}

@article{HHJL:TypeClassesHaskell,
 author = {Cordelia V. Hall and Kevin Hammond and Simon L. Peyton Jones and Philip L. Wadler},
 title = {Type classes in {H}askell},
 journal = {ACM Transactions on Programming Languages and Systems},
 volume = {18},
 number = {2},
 year = 1996,
 issn = {0164-0925},
 pages = {109--138},
 doi = {http://doi.acm.org/10.1145/227699.227700},
 publisher = {ACM Press},
 }

@book{J:Haskell,
 author = {Simon L. Peyton Jones},
 title = {Haskell 98 {L}anguage and {L}ibraries: {T}he {R}evised {R}eport},
 publisher = {Cambridge University Press},
 year = 2003,
 month = may
 }

@Book{NPW:Isabelle,
 author    = {Tobias Nipkow and Lawrence C. Paulson and Markus Wenzel},
 title     = {Isabelle/HOL --- A Proof Assistant for Higher-Order Logic},
 publisher = {Springer-Verlag},
 series    = {Lecture Notes in Computer Science},
 volume    = 2283,
 year      = 2002}

@inproceedings{F:TheoryInterpretation,
    author = {William M. Farmer},
    title = {Theory {I}nterpretation in {S}imple {T}ype {T}heory},
    booktitle = {Higher-{O}rder {A}lgebra, {L}ogic, and {T}erm {R}ewriting},
    pages = {96--123},
    year = 1993,
    url = {citeseer.ist.psu.edu/farmer94theory.html},
    publisher = {Springer-Verlag},
    editor = {J. Heering and K. Meinke and B. Moller and T. Nipkow},
    series = {Lecture Notes in Computer Science},
    volume = 816,
    month = sep,
    year = 1993
    }

@book{MTHQ:StandardML,
  author = {Robin Milner and Mads Tofte and Robert Harper and David MacQueen},
  title = {The {D}efinition of {S}tandard {ML} -- {R}evised},
  publisher = {The MIT Press},
  month = may,
  year = 1997}

@book{KMM:ACL2,
  author = {Matt Kaufmann and Panagiotis Manolios and J. Strother Moore},
  title = {Computer-{A}ided {R}easoning: {A}n {A}pproach},
  publisher = {Kluwer Academic Publishers},
  month = jun,
  year = 2000
  }

@article{KM:ACL2,
  author = {Matt Kaufmann and J. Strother Moore},
  title = {An {I}ndustrial {S}trength {T}heorem {P}rover for a {L}ogic {B}ased on {C}ommon {L}isp},
  journal = {IEEE Transactions on Software Engineering},
  volume = 23,
  number = 4,
  month = apr,
  year = 1997,
  pages = {203--213}
  }

@article{KM:Theory,
  author = {Matt Kaufmann and J. Strother Moore},
  title = {Structured {T}heory {D}evelopment for a {M}echanized {L}ogic},
  journal = {Journal of Automated Reasoning},
  volume = 26,
  number = 2,
  month = feb,
  year = 2001,
  pages = {161--203}
  }

@inproceedings{BGKM:Instantiation,
 author = {Robert S. Boyer and David M. Goldschlag and Matt Kaufmann and J. Strother Moore},
 title = {Functional {I}nstantiation in {F}irst-{O}rder {L}ogic},
 editor = {V. Lifschitz},
 booktitle = {Artificial Intelligence and Mathematical Theory of Computation: Papers in Honor of John McCarthy},
 year = {1991},
 isbn = {0-12-450010-2},
 pages = {7--26},
 publisher = {Academic Press Professional, Inc.},
 }

@inproceedings{ORS:PVS,
    AUTHOR = {S. Owre and J. M. Rushby and N. Shankar},
    TITLE = {{PVS:} {A} {P}rototype {V}erification {S}ystem},
    BOOKTITLE = {11th International Conference on Automated Deduction (CADE)},
    YEAR = 1992,
    EDITOR = {Deepak Kapur},
    SERIES = {Lecture Notes in Artificial Intelligence},
    VOLUME = {607},
    PAGES = {748--752},
    ADDRESS = {Saratoga, {NY}},
    MONTH = jun,
    PUBLISHER = {Springer-Verlag},
    URL = {http://www.csl.sri.com/papers/cade92-pvs/}
}

@inproceedings{FGT:TheoriesIMPS,
    author = {William M. Farmer and Joshua D. Guttman and F. Javier Thayer},
    title = {Little {T}heories},
    BOOKTITLE = {11th International Conference on Automated Deduction (CADE)},
    YEAR = 1992,
    EDITOR = {Deepak Kapur},
    SERIES = {Lecture Notes in Artificial Intelligence},
    VOLUME = {607},
    PAGES = {567--581},
    ADDRESS = {Saratoga, {NY}},
    MONTH = jun,
    PUBLISHER = {Springer-Verlag},
}

@inproceedings{FGT:IMPS,
    author = {William M. Farmer and Joshua D. Guttman and F. Javier Thayer},
    title = {{IMPS}: an updated system description},
    BOOKTITLE = {13th International Conference on Automated Deduction (CADE)},
    YEAR = 1996,
    EDITOR = {M. McRobbie and J. Slaney},
    SERIES = {Lecture Notes in Artificial Intelligence},
    VOLUME = {1104},
    PAGES = {298--302},
    MONTH = jun,
    PUBLISHER = {Springer-Verlag},
}

@book{H:Nuprl,
 author = {R. L. Constable and S. F. Allen and H. M. Bromley and W. R. Cleaveland and J. F. Cremer and R. W. Harper and D. J. Howe and T. B. Knoblock and N. P. Mendler and P. Panangaden and J. T. Sasaki and S. F. Smith},
 title = {Implementing {M}athematics with the {N}uprl {P}roof {D}evelopment {S}ystem},
 year = {1986},
 month = apr,
 isbn = {0-13-451832-2},
 publisher = {Prentice-Hall}
 }

@inproceedings{WS:VeriFun,
    author = {Christoph Walther and Stephan Schweitzer},
    title = {About {\VeriFun}},
    booktitle = {19th International Conference on Automated Deduction (CADE)},
    year = 2003,
    editor = {F. Baader},
    series = {Lecture Notes in Artificial Intelligence},
    volume = 2741,
    pages = {322--327},
    publisher = {Springer-Verlag}
}

@inproceedings{WS:Incompletely,
    author = {Christoph Walther and Stephan Schweitzer},
    title = {Reasoning about {I}ncompletely {D}efined {P}rograms},
    booktitle = {12th International Conference on Logic for Programming, Artificial Intelligence and Reasoning (LPAR)},
    year = 2005,
    editor = {Geoff Sutcliffe and Andrei Voronkov},
    series = {Lecture Notes in Artificial Intelligence},
    volume = 3835,
    pages = {427--442},
    publisher = {Springer-Verlag}
}

@phdthesis{S:Diss,
  author = {Stephan Schweitzer},
  title = {Symbolische {A}uswertung und {H}euristiken zur {V}erifikation funktionaler {P}rogramme},
  school = {Programmiermethodik, Technische Universit{\"a}t Darmstadt, Germany},
  year = 2007,
  type = {Doctoral dissertation}
}

@book{EM:Spec1,
 author = {Hartmut Ehrig and Bernd Mahr},
 title = {Fundamentals of {A}lgebraic {S}pecification 1: {E}quations and {I}nitial {S}emantics},
 year = 1985,
 volume = 6,
 series = {Monographs in Theoretical Compter Science},
 isbn = {3-540-13718-1},
 publisher = {Springer-Verlag}
 }

@book{EM:Spec2,
 author = {Hartmut Ehrig and Bernd Mahr},
 title = {Fundamentals of {A}lgebraic {S}pecification 2: {M}odule {S}pecifications and {C}onstraints},
 year = 1990,
 volume = 21,
 series = {Monographs in Theoretical Compter Science},
 isbn = {3-540-51799-5},
 publisher = {Springer-Verlag}
 }

@mastersthesis{A:HOinVF,
  author = {Jens Auer},
  title = {Erweiterung des {\VeriFun}-{S}ystems um {F}unktionen h{\"o}herer {O}rdnung},
  school = {Programmiermethodik, Technische Universit{\"a}t Darmstadt, Germany},
  year = 2005,
  month = jul,
  type = {Diploma thesis}
}

@inproceedings{WB:TypeClasses,
    author = {Philip Wadler and Stephen Blott},
    title = {How to {M}ake {A}d-hoc {P}olymorphism {L}ess {A}d hoc},
    booktitle = {16th ACM Symposium on Principles of Programming Languages},
    year = 1989,
    month = jan,
    volume = 2741,
    pages = {60--76},
    publisher = {ACM}
}

@inproceedings{B:Locales,
  author = {Clemens Ballarin},
  title = {Locales and {L}ocale {E}xpressions in {I}sabelle/{I}sar},
  booktitle = {Types for Proofs and Programs},
  editor = {Stefano Berardi and Mario Coppo and Ferruccio Damiani},
  year = 2004,
  pages = {34--50},
  publisher = {Springer-Verlag},
  series = {Lecture Notes in Computer Science},
  volume = 3085
}



@mastersthesis{K:Module,
  author = {Alexander Krauss},
  title = {Programmverifikation mit {M}odulen und {A}xiomatischen {S}pezifikationen in {\VeriFun}},
  school = {Programmiermethodik, Technische Universit{\"a}t Darmstadt, Germany},
  year = 2005,
  type = {Diploma thesis},
  month = jun
}

@inproceedings{AHMS:DevelopmentGraph,
  author = {Serge Autexier and Dieter Hutter and Till Mossakowski and Axel Schairer},
  title = {The {D}evelopment {G}raph {M}anager {MAYA}},
  booktitle = {9th International Conference on Algebraic Methodology And Software Technologies (AMAST)},
  editor = {H. Kirchner and C. Ringeissen},
  year = 2002,
  pages = {495--501},
  publisher = {Springer-Verlag},
  series = {Lecture Notes in Computer Science},
  volume = 2422
}

@article{ABK:CASL,
  author = {Egidio Astesiano and Michel Bidoit and H\'{e}l\`{e}ne Kirchner and Bernd Krieg-Br\"{u}ckner and Mosses, Peter D. and Donald Sannella and Andrzej Tarlecki},
  title = {{CASL}: the {C}ommon {A}lgebraic {S}pecification {L}anguage},
  journal = {Theoretical Computer Science},
  volume = 286,
  number = 2,
  year = 2002,
  pages = {153--196},
}

@inproceedings{HS:INKA4,
  author = {Dieter Hutter and Claus Sengler},
  title = {{INKA}, {T}he {N}ext {G}eneration},
  BOOKTITLE = {13th International Conference on Automated Deduction (CADE)},
  YEAR = 1996,
  EDITOR = {M. McRobbie and J. Slaney},
  SERIES = {Lecture Notes in Artificial Intelligence},
  VOLUME = {1104},
  PAGES = {288--292},
  MONTH = jun,
  PUBLISHER = {Springer-Verlag},
}

@inproceedings{AHMS:INKA5,
  author = {Serge Autexier and Dieter Hutter and Heiko Mantel and Axel Schairer},
  title = {System {D}escription: {INKA} 5.0 -- {A} {L}ogic {V}oyager},
  BOOKTITLE = {16th International Conference on Automated Deduction (CADE)},
  YEAR = 1999,
  EDITOR = {H. Ganzinger},
  SERIES = {Lecture Notes in Artificial Intelligence},
  VOLUME = {1632},
  PAGES = {207--211},
  MONTH = jul,
  PUBLISHER = {Springer-Verlag},
}

@inproceedings{RAHM:Rewriting,
  author = {Ruiz-Reina, Jos\'{e}-Luis and Alonso, Jos\'{e}-Antonio and Hidalgo, Mar\'{\i}a-Jos\'{e} and Mart\'{\i}n-Mateos, Francisco-Jes\'{u}s},
  title = {Formalizing {R}ewriting in the {ACL2} {T}heorem {P}rover},
  BOOKTITLE = {International Conference on Artificial Intelligence and Symbolic Computation (AISC). Revised Papers},
  YEAR = 2001,
  EDITOR = {J. A. Campbell and E. Roanes-Lozano},
  SERIES = {Lecture Notes in Computer Science},
  VOLUME = {1930},
  PAGES = {92--106},
  PUBLISHER = {Springer-Verlag},
}

@techreport{ASW:LPrimer,
        Author= {Christoph Walther and Markus Aderhold and Andreas Schlosser},
        Title= {The {$\mathcal{L}$} 1.0 {P}rimer},
        Number= {VFR 06/01},
        Institution= {Programmiermethodik, Technische Universit{\"a}t Darmstadt, Germany},
        Month= apr,
        Year= 2006}

@article{WS:Classroom,
 author = {Christoph Walther and Stephan Schweitzer},
 title = {Verification in the {C}lassroom},
 journal = {Journal of Automated Reasoning - Special Issue on Automated Reasoning and Theorem Proving in Education},
 volume = {32},
 number = {1},
 year = 2004,
 pages = {35--73},
 publisher = {Springer-Verlag}
 }

@inproceedings{CH:NuprlClass,
    author = {Constable, Robert L. and Jason Hickey},
    title = { Nuprl's {C}lass {T}heory and {I}ts {A}pplications},
    booktitle = {Foundations of Secure Computation},
    pages = {91--115},
    year = 2000,
    publisher = {IOS Press},
    editor = {Friedrich L. Bauer and Ralf Steinbrueggen},
    series = {NATO ASI Series, Series F: Computer \& System Sciences},
    }

@book{BC:Coq,
 author = {Yves Bertot and Pierre Cast{\'{e}}ran},
 title = {Interactive {T}heorem {P}roving and {P}rogram {D}evelopment---{Coq'Art}: {T}he {C}alculus of {I}nductive {C}onstructions},
 year = 2004,
 series = {Texts in Theoretical Computer Science. An EATCS Series},
 isbn = {3-540-20854-2},
 publisher = {Springer-Verlag}
 }

@MISC{VeriFun:Web,
  key = {VF},
  note = {http://www.verifun.org}}

@book{K:OMDoc,
  author = {Michael Kohlhase},
  title = {OMDoc {---} {A}n {O}pen {M}arkup {F}ormat for {M}athematical {D}ocuments [version 1.2]},
  series = {Lecture Notes in Computer Science},
  publisher = {Springer-Verlag},
  volume = 4180,
  year = 2006,
  month = oct
}

@mastersthesis{E:FOI,
  author = {Denis Endro},
  title = {Anbindung von externen {B}eweisern an {\VeriFun}},
  school = {Programmiermethodik, Technische Universit{\"a}t Darmstadt},
  year = {to appear},
  type = {Diploma thesis}
}
