%% this file was generated with Florian Rabe's bib utility
@inproceedings{CHKMR:hiding:11,
  author = "M. Codescu and F. Horozal and M. Kohlhase and T. Mossakowski and F. Rabe",
  title = "{A Proof Theoretic Interpretation of Model Theoretic Hiding}",
  year = "2012",
  pages = "118--138",
  booktitle = "Recent Trends in Algebraic Development Techniques 2010",
  editor = "T. Mossakowski and H. Kreowski",
  series = "Lecture Notes in Computer Science",
  publisher = "Springer",
  volume = "7137"
}

@unpublished{rabe:querying:12,
  author = "F. Rabe",
  title = "{A Query Language for Formal Mathematical Libraries}",
  year = "2012"
}

@unpublished{rabe:reflection:12,
  author = "F. Rabe",
  title = "{A Type Theory Based on Reflection}",
  year = "2012",
  note = "see \url{http://kwarc.info/frabe/Research/rabe_reflection_12.pdf}"
}

@unpublished{RS:logrels:12,
  author = "F. Rabe and K. Sojakova",
  title = "{Logical Relations in Twelf}",
  year = "2012",
  note = "see \url{http://kwarc.info/frabe/Research/RS_logrels_12.pdf}"
}

@unpublished{IR:moc:12,
  author = "M. Iancu and F. Rabe",
  title = "{Management of Change in Declarative Languages}",
  year = "2012"
}

@unpublished{HR:tptp:12,
  author = "F. Horozal and F. Rabe",
  title = "{Representing Logics of Theorem Provers}",
  year = "2012",
  note = "see \url{http://kwarc.info/frabe/Research/HR_tptp_12.pdf}"
}

@article{KR:omsemantics:12,
  author = "M. Kohlhase and F. Rabe",
  title = "{Semantics of OpenMath and MathML3}",
  year = "2012",
  note = "to appear",
  journal = "Mathematics in Computer Science"
}

@inproceedings{CHKMRS:lfhets:11,
  author = "M. Codescu and F. Horozal and M. Kohlhase and T. Mossakowski and F. Rabe and K. Sojakova",
  title = "{Towards Logical Frameworks in the Heterogeneous Tool Set Hets}",
  year = "2012",
  pages = "139--159",
  booktitle = "Recent Trends in Algebraic Development Techniques 2010",
  editor = "T. Mossakowski and H. Kreowski",
  series = "Lecture Notes in Computer Science",
  publisher = "Springer",
  volume = "7137"
}

@inproceedings{RKS:integration:11,
  author = "F. Rabe and M. Kohlhase and C. {Sacerdoti Coen}",
  title = "{A Foundational View on Integration Problems}",
  year = "2011",
  pages = "106--121",
  booktitle = "Intelligent Computer Mathematics",
  editor = "J. Davenport and W. Farmer and F. Rabe and J. Urban",
  series = "Lecture Notes in Computer Science",
  publisher = "Springer",
  volume = "6824"
}

@unpublished{RK:mmt:10,
  author = "F. Rabe and M. Kohlhase",
  title = "{A Scalable Module System}",
  year = "2011",
  note = "see \url{http://arxiv.org/abs/1105.0548}"
}

@inproceedings{HIJKR:dimensions:11,
  author = "F. Horozal and A. Iacob and C. Jucovschi and M. Kohlhase and F. Rabe",
  title = "{Combining Source, Content, Presentation, Narration, and Relational Representation}",
  year = "2011",
  pages = "211--226",
  booktitle = "Intelligent Computer Mathematics",
  editor = "J. Davenport and W. Farmer and F. Rabe and J. Urban",
  series = "Lecture Notes in Computer Science",
  publisher = "Springer",
  volume = "6824"
}

@inproceedings{HKR:sequences:11,
  author = "F. Horozal and M. Kohlhase and F. Rabe",
  title = "{Extending OpenMath with Sequences}",
  year = "2011",
  pages = "58--72",
  booktitle = "Intelligent Computer Mathematics, Work-in-Progress Proceedings",
  editor = "A. Asperti and J. Davenport and W. Farmer and F. Rabe and J. Urban",
  series = "Technical Report, University of Bologna",
  publisher = "University of Bologna",
  volume = "UBLCS-2011-04"
}

@article{IR:foundations:10,
  author = "M. Iancu and F. Rabe",
  title = "{Formalizing Foundations of Mathematics}",
  year = "2011",
  pages = "883--911",
  journal = "Mathematical Structures in Computer Science",
  volume = "21",
  number = "4"
}

@proceedings{DFRU:cicm:11,
  title = "{Intelligent Computer Mathematics}",
  year = "2011",
  editor = "J. Davenport and W. Farmer and F. Rabe and J. Urban",
  series = "Lecture Notes in Computer Science",
  publisher = "Springer",
  volume = "6824"
}

@proceedings{DFRU:cicmwip:11,
  title = "{Intelligent Computer Mathematics, Work-in-Progress Proceedings}",
  year = "2011",
  editor = "A. Asperti and J. Davenport and W. Farmer and F. Rabe and J. Urban",
  series = "Technical Reports of University of Bologna",
  publisher = "University of Bologna",
  volume = "UBLCS-2011-04"
}

@article{AR:lamkrip:11,
  author = "S. Awodey and F. Rabe",
  title = "{Kripke Semantics for Martin-L{\"o}f's Extensional Type Theory}",
  year = "2011",
  journal = "Logical Methods in Computer Science",
  volume = "7",
  number = "3"
}

@proceedings{GNRS:lfmtpmlpa:11,
  title = "{LFMTP 2011 - MLPA 2011 Informal Proceedings}",
  year = "2011",
  note = "see \url{http://kwarc.info/frabe/events/mlpa-11/index.html}",
  editor = "H. Geuvers and G. Nadathur and F. Rabe and C. Sch{\"u}rmann"
}

@inproceedings{CHKMR:latinabs:11,
  author = "M. Codescu and F. Horozal and M. Kohlhase and T. Mossakowski and F. Rabe",
  title = "{Project Abstract: Logic Atlas and Integrator (LATIN)}",
  year = "2011",
  pages = "287--289",
  booktitle = "Intelligent Computer Mathematics",
  editor = "J. Davenport and W. Farmer and F. Rabe and J. Urban",
  series = "Lecture Notes in Computer Science",
  publisher = "Springer",
  volume = "6824"
}

@article{HR:folsound:10,
  author = "F. Horozal and F. Rabe",
  title = "{Representing Model Theory in a Type-Theoretical Logical Framework}",
  year = "2011",
  pages = "4919--4945",
  journal = "Theoretical Computer Science",
  volume = "412",
  number = "37"
}

@unpublished{IKRU:mizar:11,
  author = "M. Iancu and M. Kohlhase and F. Rabe and J. Urban",
  title = "{The Mizar Mathematical Library in OMDoc: Translation and Applications}",
  year = "2011"
}

@techreport{IKR:mizar:11,
  author = "M. Iancu and M. Kohlhase and F. Rabe",
  title = "{Translating the Mizar Mathematical Library into OMDoc format}",
  year = "2011",
  institution = "Jacobs University Bremen",
  number = "KWARC Report-01/11"
}

@inproceedings{ZKR:tntbase:10,
  author = "V. Zholudev and M. Kohlhase and F. Rabe",
  title = "{A [insert XML Format] Database for [insert cool application]}",
  year = "2010",
  booktitle = "XMLPrague 2010",
  series = "Proceedings of XMLPrague",
  publisher = "XMLPrague.cz"
}

@misc{rabeEA:isabelle-lf:10,
  author = "M. Iancu and F. Rabe",
  title = "{A Formal Semantics of Isabelle/HOL}",
  year = "2010",
  note = "see \url{https://svn.kwarc.info/repos/twelf/projects/isabelle}"
}

@unpublished{RI:isabelle:10,
  author = "F. Rabe and M. Iancu",
  title = "{A Formalized Set-Theoretical Semantics of Isabelle/HOL}",
  year = "2010",
  note = "see \url{http://kwarc.info/frabe/Research/rabeEA_isabelle_10.pdf}"
}

@unpublished{rabe:combining:10,
  author = "F. Rabe",
  title = "{A Logical Framework Combining Model and Proof Theory}",
  year = "2010",
  note = "see \url{http://kwarc.info/frabe/Research/rabe_combining_10.pdf}"
}

@inproceedings{CHKMR:hiding:10,
  author = "M. Codescu and F. Horozal and M. Kohlhase and T. Mossakowski and F. Rabe",
  title = "{A Proof Theoretic Interpretation of Model Theoretic Hiding}",
  year = "2010",
  booktitle = "Workshop on Algebraic Development Techniques"
}

@misc{IR:foundations-lf:10,
  author = "M. Iancu and F. Rabe",
  title = "{Formalizing Foundations of Mathematics, LF Encodings}",
  year = "2010",
  note = "see \url{https://latin.omdoc.org/wiki/FormalizingFoundations}"
}

@inproceedings{DLR:jobad:10,
  author = "C. David and C. Lange and F. Rabe",
  title = "{Interactive Documents as Interfaces to Computer Algebra Systems: JOBAD and Wolfram|Alpha}",
  year = "2010",
  pages = "13--30",
  booktitle = "CALCULEMUS (Emerging Trends)",
  editor = "D. Delahaye and R. Rioboo",
  series = "Technical Reports of CEDRIC (CNAM/ENSIIE)",
  publisher = "Centre d'{\'E}tude et de Recherche en Informatique du CNAM (C{\'e}dric)"
}

@inproceedings{DKLRZ:jobadmmt:10,
  author = "C. David and M. Kohlhase and C. Lange and F. Rabe and V. Zholudev",
  title = "{JOBAD/MMT -- Interactive Mathematics}",
  year = "2010",
  note = "see \url{http://sites.google.com/a/fh-hannover.de/aimashup/home/jobad}",
  booktitle = "AI Mashup Challenge at ESWC",
  editor = "A. Giurca and B. Endres-Niggemeyer and C. Lange and L. Maicher and P. Hitzler"
}

@misc{kristina:ml_fol,
  author = "K. Sojakova",
  title = "{Mechanically Verifying Logic Translations}",
  year = "2010",
  note = "Master's thesis, Jacobs University Bremen"
}

@proceedings{RS:mlpa:10,
  title = "{MLPA '10: Proceedings of the 2nd Workshop on Modules and Libraries for Proof Assistants}",
  year = "2010",
  note = "see \url{http://kwarc.info/frabe/events/mlpa-10.html}",
  editor = "F. Rabe and C. Sch{\"u}rmann"
}

@inproceedings{DKLRZ:jobaddemo:10,
  author = "C. David and M. Kohlhase and C. Lange and F. Rabe and V. Zholudev",
  title = "{Publishing Math Lecture Notes as Linked Data}",
  year = "2010",
  pages = "370--375",
  booktitle = "The Semantic Web: Research and Applications",
  editor = "L. Aroyo and G. Antoniou and E. Hyv{\"o}nen and A. {ten Teije} and H. Stuckenschmidt and L. Cabral and T. Tudorache",
  series = "Lecture Notes in Computer Science",
  publisher = "Springer",
  volume = "6089"
}

@inproceedings{rabe:isalf:10,
  author = "F. Rabe",
  title = "{Representing Isabelle in LF}",
  year = "2010",
  pages = "85--100",
  booktitle = "Logical Frameworks and Meta-languages: Theory and Practice",
  editor = "K. Crary and M. Miculan",
  series = "Electronic Proceedings in Theoretical Computer Science",
  publisher = "Electronic Proceedings in Theoretical Computer Science",
  volume = "34"
}

@article{rabe:bslreview:10,
  author = "F. Rabe",
  title = "{Review of ``Reasoning in Simple Type Theory -- Festschrift in Honor of Peter B. Andrews on His 70th Birthday''}",
  year = "2010",
  pages = "409--411",
  journal = "Bulletin of Symbolic Logic",
  volume = "16",
  number = "3"
}

@inproceedings{DR:filtering:10,
  author = "S. Dumbrava and F. Rabe",
  title = "{Structuring Theories with Partial Morphisms}",
  year = "2010",
  booktitle = "Workshop on Algebraic Development Techniques"
}

@inproceedings{CHKMRS:lfhets:10,
  author = "M. Codescu and F. Horozal and M. Kohlhase and T. Mossakowski and F. Rabe and K. Sojakova",
  title = "{Towards Logical Frameworks in the Heterogeneous Tool Set Hets}",
  year = "2010",
  booktitle = "Workshop on Algebraic Development Techniques"
}

@inproceedings{KRZ:mmttnt:10,
  author = "M. Kohlhase and F. Rabe and V. Zholudev",
  title = "{Towards MKM in the Large: Modular Representation and Scalable Software Architecture}",
  year = "2010",
  pages = "370--384",
  booktitle = "Intelligent Computer Mathematics",
  editor = "S. Autexier and J. Calmet and D. Delahaye and P. Ion and L. Rideau and R. Rioboo and A. Sexton",
  series = "Lecture Notes in Computer Science",
  publisher = "Springer",
  volume = "6167"
}

@inproceedings{RK:roles:09,
  author = "F. Rabe and M. Kohlhase",
  title = "{A Better Role System for OpenMath}",
  year = "2009",
  booktitle = "Proceedings of the OpenMath workshop"
}

@inproceedings{DHS:algebra:09,
  author = "S. Dumbrava and F. Horozal and K. Sojakova",
  title = "{A Case Study on Formalizing Algebra in a Module System}",
  year = "2009",
  pages = "11--18",
  booktitle = "Workshop on Modules and Libraries for Proof Assistants",
  editor = "F. Rabe and C. Sch{\"u}rmann",
  series = "ACM International Conference Proceeding Series",
  publisher = "ACM",
  volume = "429"
}

@misc{rabeEA:folsound-lf:09,
  author = "F. Horozal and F. Rabe",
  title = "{A Formal Proof of the Soundness of First-order Logic}",
  year = "2009",
  note = "see \url{https://svn.kwarc.info/repos/twelf/fol-soundness.cfg}"
}

@misc{project:mmtlf,
  author = "F. Rabe and C. Sch{\"u}rmann",
  title = "{A Module System for Twelf}",
  year = "2009",
  note = "see \url{https://cvs.concert.cs.cmu.edu/twelf/branches/twelf-mod}"
}

@inproceedings{RS:twelfmod:09,
  author = "F. Rabe and C. Sch{\"u}rmann",
  title = "{A Practical Module System for LF}",
  year = "2009",
  pages = "40--48",
  booktitle = "Proceedings of the Workshop on Logical Frameworks: Meta-Theory and Practice (LFMTP)",
  editor = "J. Cheney and A. Felty",
  series = "ACM International Conference Proceeding Series",
  publisher = "ACM Press",
  volume = "LFMTP'09"
}

@inproceedings{GLR:jobad:09,
  author = "J. Gi{\v{c}}eva and C. Lange and F. Rabe",
  title = "{Integrating Web Services into Active Mathematical Documents}",
  year = "2009",
  pages = "279--293",
  booktitle = "Intelligent Computer Mathematics",
  editor = "J. Carette and L. Dixon and C. {Sacerdoti Coen} and S. Watt",
  series = "Lecture Notes in Computer Science",
  publisher = "Springer",
  volume = "5625"
}

@inproceedings{AR:lamkrip:09,
  author = "S. Awodey and F. Rabe",
  title = "{Kripke Semantics for Martin-L{\"o}f's Extensional Type Theory}",
  year = "2009",
  pages = "249--263",
  booktitle = "Typed Lambda Calculi and Applications (TLCA)",
  editor = "P. Curien",
  series = "Lecture Notes in Computer Science",
  publisher = "Springer",
  volume = "5608"
}

@unpublished{AR:lamkrip_long:09,
  author = "S. Awodey and F. Rabe",
  title = "{Kripke Semantics for Martin-L{\"o}f's Extensional Type Theory}",
  year = "2009",
  note = "see \url{http://kwarc.info/frabe/Research/LamKrip.pdf}"
}

@proceedings{RS:mlpa:09,
  title = "{MLPA '09: Proceedings of the 1st Workshop on Modules and Libraries for Proof Assistants}",
  year = "2009",
  editor = "F. Rabe and C. Sch{\"u}rmann",
  series = "ACM International Conference Proceeding Series",
  publisher = "ACM",
  volume = "429"
}

@techreport{KLMMR:notations-tr:2009,
  author = "M. Kohlhase and C. Lange and C. M{\"u}ller and N. M{\"u}ller and F. Rabe",
  title = "{Notations for Active Mathematical Documents}",
  year = "2009",
  institution = "Jacobs University Bremen",
  number = "2009-1"
}

@unpublished{rabeEA:presentation:09,
  author = "M. Kohlhase and C. Lange and C. M{\"u}ller and N. M{\"u}ller and F. Rabe",
  title = "{Notations for Active Mathematical Documents}",
  year = "2009"
}

@inproceedings{rabe:gi:09,
  author = "F. Rabe",
  title = "{Representing Logics and Logic Translations}",
  year = "2009",
  note = "English title: Outstanding Dissertations in Computer Science 2008",
  pages = "201--210",
  booktitle = "Ausgezeichnete Informatikdissertationen 2008",
  editor = "D. {Wagner et al.}",
  series = "Lecture Notes in Informatics",
  publisher = "Gesellschaft f{\"u}r Informatik e.V. (GI)",
  volume = "D-9"
}

@inproceedings{HR:folsound:09,
  author = "F. Horozal and F. Rabe",
  title = "{Representing Model Theory in a Type-Theoretical Logical Framework}",
  year = "2009",
  pages = "49--65",
  booktitle = "Fourth Workshop on Logical and Semantic Frameworks, with Applications",
  editor = "M. Ayala-Rinc{\'o}n and F. Kamareddine",
  series = "Electronic Notes in Theoretical Computer Science",
  publisher = "Elsevier",
  volume = "256"
}

@inproceedings{KR:omsemantics:09,
  author = "M. Kohlhase and F. Rabe",
  title = "{Semantics of OpenMath and MathML 3}",
  year = "2009",
  booktitle = "Proceedings of the OpenMath workshop"
}

@misc{project:latin,
  author = "M. Kohlhase and T. Mossakowski and F. Rabe",
  title = "{The LATIN Project}",
  year = "2009",
  note = "see \url{https://trac.omdoc.org/LATIN/}"
}

@unpublished{rabe:mmt:09,
  author = "F. Rabe",
  title = "{The MMT Language}",
  year = "2009"
}

@inproceedings{SR:dfol_fol:08,
  author = "K. Sojakova and F. Rabe",
  title = "{Translating Dependently-Typed Logic to First-Order Logic}",
  year = "2009",
  pages = "326--341",
  booktitle = "Recent Trends in Algebraic Development Techniques",
  editor = "A. Corradini and U. Montanari",
  series = "Lecture Notes in Computer Science",
  publisher = "Springer",
  volume = "5486"
}

@inproceedings{RK:keappa:08,
  author = "F. Rabe and M. Kohlhase",
  title = "{An Exchange Format for Modular Knowledge}",
  year = "2008",
  pages = "50--68",
  booktitle = "Proceedings of the LPAR Workshops on Knowledge Exchange: Automated Provers and Proof Assistants, and The 7th International Workshop on the Implementation of Logics",
  editor = "G. Sutcliffe and P. Rudnicki and R. Schmidt and B. Konev and S. Schulz",
  series = "CEUR Workshop Proceedings",
  publisher = "CEUR-WS.org",
  volume = "418"
}

@inproceedings{BRSS:eshol:08,
  author = "C. Benzm{\"u}ller and F. Rabe and C. Sch{\"u}rmann and G. Sutcliffe",
  title = "{Evaluation of Systems for Higher-order Logic (ESHOL)}",
  year = "2008",
  pages = "22--23",
  booktitle = "Workshop on Practical Aspects of Automated Reasoning at IJCAR 2008",
  editor = "B. Konev and R. Schmidt and S. Schulz",
  series = "CEUR Workshop Proceedings",
  publisher = "CEUR-WS.org",
  volume = "373"
}

@inproceedings{LMR:flyspeck:08,
  author = "C. Lange and S. McLaughlin and F. Rabe",
  title = "{Flyspeck in a Semantic Wiki}",
  year = "2008",
  pages = "67--81",
  booktitle = "Semantic Wiki Workshop",
  editor = "C. Lange and S. Schaffert and H. Skaf-Molli and M. V{\"o}lkel",
  series = "CEUR Workshop Proceedings",
  publisher = "CEUR-WS.org",
  volume = "360"
}

@inproceedings{KMR:presentation:08,
  author = "M. Kohlhase and C. M{\"u}ller and F. Rabe",
  title = "{Notations for Living Mathematical Documents}",
  year = "2008",
  pages = "504--519",
  booktitle = "Mathematical Knowledge Management",
  editor = "S. Autexier and J. Campbell and J. Rubio and V. Sorge and M. Suzuki and F. Wiedijk",
  series = "Lecture Notes in Computer Science",
  publisher = "Springer",
  volume = "5144"
}

@misc{elena:functors,
  author = "E. Agapie",
  title = "{Representing Functors in a Web-Scalable Module System}",
  year = "2008",
  note = "Bachelor's thesis, Jacobs University Bremen"
}

@phdthesis{rabe:thesis:08,
  author = "F. Rabe",
  title = "{Representing Logics and Logic Translations}",
  year = "2008",
  note = "see \url{http://kwarc.info/frabe/Research/phdthesis.pdf}",
  school = "Jacobs University Bremen"
}

@phdthesis{rabe:summary:08,
  author = "F. Rabe",
  title = "{Representing Logics and Logic Translations (Summary)}",
  year = "2008",
  note = "see \url{http://kwarc.info/frabe/Research/phdthesis_summary.pdf}",
  school = "Jacobs University Bremen"
}

@unpublished{rabeEA:mmtlf:08,
  author = "F. Rabe and M. Kohlhase and F. Horozal",
  title = "{Scaling LF to the Web}",
  year = "2008"
}

@misc{project:mmt,
  author = "F. Rabe",
  title = "{The MMT System}",
  year = "2008",
  note = "see \url{https://trac.kwarc.info/MMT/}"
}

@inproceedings{BRS:tptphol:08,
  author = "C. Benzm{\"u}ller and F. Rabe and G. Sutcliffe",
  title = "{THF0 -- The core of the TPTP Language for Higher-Order Logic}",
  year = "2008",
  pages = "491--506",
  booktitle = "4th International Joint Conference on Automated Reasoning",
  editor = "A. Armando and P. Baumgartner and G. Dowek",
  series = "Lecture Notes in Computer Science",
  publisher = "Springer",
  volume = "5195"
}

@inproceedings{SR:dfol_fol_abs:08,
  author = "K. Sojakova and F. Rabe",
  title = "{Translating Dependently-Typed Logic to First-Order Logic}",
  year = "2008",
  booktitle = "Workshop on Algebraic Development Techniques",
  editor = "A. Corradini and U. Montanari"
}

@misc{kristina:dfol,
  author = "K. Sojakova",
  title = "{Translating Dependently-Typed Logic to First-Order Logic}",
  year = "2008",
  note = "Bachelor's thesis, Jacobs University Bremen"
}

@article{GMPRS:catlog:07,
  author = "J. Goguen and T. Mossakowski and V. {de Paiva} and F. Rabe and L. Schr{\"o}der",
  title = "{An Institutional View on Categorical Logic}",
  year = "2007",
  pages = "129--152",
  journal = "International Journal of Software and Informatics",
  volume = "1",
  number = "1"
}

@misc{rabeEA:catlogspecs:07,
  author = "F. Rabe and V. {de Paiva} and T. Mossakowski",
  title = "{Categorical Logic Specifications}",
  year = "2007",
  note = "see \url{http://kwarc.eecs.iu-bremen.de/frabe/Research/catlog}"
}

@misc{rabe:drafts,
  author = "F. Rabe",
  title = "{Homepage}",
  year = "2007",
  note = "see \url{http://kwarc.info/frabe/}"
}

@inproceedings{rabe:graphs:07,
  author = "F. Rabe",
  title = "{OMDoc Theory Graphs Revisited}",
  year = "2007",
  booktitle = "Proceedings of the OpenMath/JEM workshop"
}

@inproceedings{rabeEA:elisions:07,
  author = "M. Kohlhase and C. Lange and F. Rabe",
  title = "{Presenting Mathematical Content with Flexible Elisions}",
  year = "2007",
  booktitle = "Proceedings of the OpenMath/JEM workshop"
}

@article{RPSS:moloss:07,
  author = "F. Rabe and P. Pudl{\'a}k and G. Sutcliffe and W. Shen",
  title = "{Solving the \$100 Modal Logic Challenge}",
  year = "2007",
  pages = "113--130",
  journal = "Journal of Applied Logic",
  volume = "7",
  number = "1"
}

@inproceedings{rabe:dfol:06,
  author = "F. Rabe",
  title = "{First-Order Logic with Dependent Types}",
  year = "2006",
  pages = "377--391",
  booktitle = "Automated Reasoning",
  editor = "N. Shankar and U. Furbach",
  series = "Lecture Notes in Computer Science",
  publisher = "Springer",
  volume = "4130"
}

@inproceedings{rabe:moloss:06,
  author = "F. Rabe",
  title = "{Towards Determining the Subset Relation between Propositional Modal Logics}",
  year = "2006",
  pages = "126--140",
  booktitle = "Proceedings of the FLoC 06 Workshop on Empirically Successful Computerized Reasoning, 3rd International Joint Conference on Automated Reasoning",
  editor = "G. Sutcliffe and R. Schmidt and S. Schulz",
  series = "CEUR Workshop Proceedings",
  publisher = "CEUR-WS.org",
  volume = "192"
}

@inproceedings{rabeEA:promela1:05,
  author = "F. Rabe and S. Schlager and P. Schmitt",
  title = "{A Sequent Calculus for a First-order Dynamic Logic with Trace Modalities for Promela$^+$}",
  year = "2005",
  booktitle = "Proceedings of the 17th Nordic Workshop on Programming Theory"
}

@inproceedings{rabeEA:promela:05,
  author = "F. Rabe and S. Schlager and P. Schmitt",
  title = "{A Sequent Calculus for a First-order Dynamic Logic with Trace Modalities for Promela$^+$}",
  year = "2005",
  pages = "21--27",
  booktitle = "Short Paper Proceedings of the International Conference on Logic for Programming, Artificial Intelligence, and Reasoning"
}

@mastersthesis{rabe:thesis:04,
  author = "F. Rabe",
  title = "{A Dynamic Logic with Temporal Operators for Promela}",
  year = "2004",
  school = "Universit{\"a}t Karlsruhe, Germany"
}

