%Systems and applications
@inproceedings{comparing,
    AUTHOR = {F. Wiedijk},
    TITLE = "{Comparing mathematical provers}",
    BOOKTITLE = "{Proceedings of Mathematical Knowledge Management}",
    YEAR = {2003},
    EDITOR = {A. Asperti and B. Buchberger and J. Davenport},
    PAGES = {188-202},
    PUBLISHER = {Springer},
}

@inproceedings{pvs,
    AUTHOR = {S. Owre and J. Rushby and N. Shankar},
    TITLE = "{PVS: A Prototype Verification System}",
    BOOKTITLE = "{11th International Conference on Automated Deduction (CADE)}",
    YEAR = {1992},
    EDITOR = {D. Kapur},
    PAGES = {748--752},
    PUBLISHER = {Springer},
}

@TECHREPORT{pvssemantics,
	author = "S. Owre and N. Shankar",
	title = "The formal semantics of {PVS}",
	institution = "SRI International",
	year = "1997",
	number = "SRI-CSL-97-2",
}

@book{nuprl,
  author =    "R. Constable and S. Allen and H. Bromley and W. Cleaveland and J. Cremer and R. Harper and D. Howe and T. Knoblock and N. Mendler and P. Panangaden and J. Sasaki and S. Smith",
  title =     "{Implementing Mathematics with the Nuprl Development System}",
  publisher = "Prentice-Hall",
  year =      1986,
}
  
@incollection{nuprl_classes,
  title =	"{Nuprl's Class Theory and Its Applications}",
  author =	"R. Constable and J. Hickey",
  booktitle =	"{Foundations of Secure Computation}",
  editor = "F. Bauer and R. Steinbruggen",
  publisher = "{IOS Press}",
  pages =	"91--115",
  year = 	"2000",
}

@Inproceedings{delphin,
  author = "A. Poswolsky and C. Sch{\"u}rmann",
  title = "{System Description: Delphin - A Functional Programming Language for Deductive Systems}",
  booktitle = "{International Workshop on Logical Frameworks and Metalanguages: Theory and Practice}",
  year = "2008",
  editor = "A. Abel and C. Urban",
  pages = "135--141",
  publisher = "ENTCS",
}

@misc{agda,
 author = "U. Norell",
 title = "{The Agda WiKi}",
 note = {\url{http://wiki.portal.chalmers.se/agda}},
 year = "2005",
}

@InCollection{hol,
  author =	"M. Gordon",
  editor =	"G. Birtwistle and P. Subrahmanyam",
  year = 	"1988",
  title =	"{HOL: A Proof Generating System for Higher-Order Logic}",
  booktitle =	"{VLSI Specification, Verification and Synthesis}",
  pages =	"73--128",
  publisher =	"{Kluwer-Academic Publishers}",
}

@InCollection{holsemantics,
  author =	"M. Gordon and A. Pitts",
  title =	"{The HOL Logic}",
  booktitle =	"{Introduction to HOL, Part III}",
  editor =	"M. Gordon and T. Melham",
  publisher =	"Cambridge University Press",
  year = 	"1993",
  pages =	"191--232",
}

@Book{holbook,
  author =	"M. Gordon and T. Melham",
  title =	"{Introduction to HOL: A Theorem Proving Environment for Higher-Order Logic}",
  publisher =	"Cambridge University Press",
  year = 	"1993",
}

@inproceedings{hollight,
	author = "J. Harrison",
	title ="{HOL Light: A Tutorial Introduction}",
	pages = "265--269",
	booktitle = "{Proceedings of the First International Conference on Formal Methods in Computer-Aided Design}",
	year = "1996",
	publisher = "Springer",
}

@Article{isabelle1,
  author =	"L. Paulson",
  title =	"{The Foundation of a Generic Theorem Prover}",
  journal =	"{Journal of Automated Reasoning}",
  pages =	"363--397",
  volume =	"5",
  number =	"3",
  year = 	"1989",
}

@InProceedings{isabelle2,
  author =	"L. Paulson",
  title =	"{Isabelle: The Next 700 Theorem Provers}",
  year = 	"1990",
  pages =	"361--386",
  editor =	"P. Odifreddi",
  publisher =	"Academic Press",
  booktitle =	"Logic and Computer Science",
}

@misc{isabellemanual,
  author =	"M. Wenzel",
  title =	"{The Isabelle/Isar Reference Manual}",
  note = "\url{http://isabelle.in.tum.de/documentation.html}, Dec 3, 2009",
  year = 	"2009",
}

@Book{isabelle,
  author =	"L. Paulson",
  title =	"{Isabelle: A Generic Theorem Prover}",
  publisher =	"Springer",
  series =	"Lecture Notes in Computer Science",
  volume =	"828",
  year = 	"1994",
}

@Book{isabellehol,
  author= {T. Nipkow and L. Paulson and M. Wenzel},
  title= "{Isabelle/HOL --- A Proof Assistant for Higher-Order Logic}",
  publisher= {Springer},
  year= "2002"
}

@misc{isabelle_zf,
  author = "L. Paulson and M. Coen",
  title = "{Zermelo-Fraenkel Set Theory}",
  note = "{Isabelle distribution, ZF/ZF.thy}",
  year = 1993,
}

@InProceedings{isar,
  title =	"{Isar - A Generic Interpretative Approach to Readable Formal Proof Documents}",
  author =	"M. Wenzel",
  booktitle =	"Theorem Proving in Higher Order Logics",
  publisher =	"Springer",
  year = 	"1999",
  volume =	"1690",
  editor =	"Y. Bertot and G. Dowek and A. Hirschowitz and C. Paulin and L. Th{\'e}ry",
  pages =	"167--184",
}

@misc{isabellehol2,
  author= {T. Nipkow and L. Paulson and M. Wenzel},
  title= "{Isabelle's Logics: HOL}",
  year= "2004",
  note= {\url{http://isabelle.in.tum.de/dist/Isabelle2004/doc/logics-HOL.pdf}}
}

@InProceedings{isabelle_locales,
  title =	"{Locales -- a Sectioning Concept for Isabelle}",
  author =	"F. Kamm{\"u}ller and M. Wenzel and L. Paulson",
  editor =	"Y. Bertot and G. Dowek and A. Hirschowitz and C. Paulin and L. Thery",
  year = 	"1999",
  booktitle =	"{Theorem Proving in Higher Order Logics}",
  publisher =	"Springer",
  pages = "149--166"
}

@InProceedings{isabelle_classes,
  title =	"{Constructive Type Classes in Isabelle}",
  author =	"F. Haftmann and M. Wenzel",
  publisher =	"Springer",
  year = 	"2006",
  booktitle =	"TYPES conference",
  editor =	"T. Altenkirch and C. McBride",
  pages =	"160--174",
}

@misc{isabelle_library,
 title = "Isabelle Library",
 key = "Isabelle",
 year = 2008,
 note = "\url{http://isabelle.in.tum.de/dist/library/index.html}",
}
 
@TechReport{isabelle_nuprl,
  title =	"{Formalization of Isabelle Meta Logic in NuPRL}",
  author = "P. Naumov",
  year =  "1999",
  institution = "Cornell",
}

@misc{coq_library,
 title = "Coq Library",
 key = "Coq",
 year = 2008,
 note = "\url{http://coq.inria.fr/library-eng.html}",
}

@InProceedings{chiron_biform,
  title =	"{Biform Theories in Chiron}",
  author =	"W. Farmer",
  booktitle =	"Towards Mechanized Mathematical Assistants",
  publisher =	"Springer",
  year = 	"2007",
  editor =	"M. Kauers and M. Kerber and R. Miner and W. Windsteiger",
  pages =	"66--79",
  series =	"Lecture Notes in Computer Science",
  volume =	"4573",
}


@Article{tps,
  title =	"{TPS: A Theorem-Proving System for Classical Type Theory}",
  author =	"P. Andrews and M. Bishop and S. Issar and D. Nesmith and F. Pfenning and H. Xi",
  journal =	"{Journal of Automated Reasoning}",
  pages =	"321--353",
  year = 	"1996",
  volume =	"16",
  number =	"3",
}

@Article{imps,
  author =	"W. Farmer and J. Guttman and F. Thayer",
  title =	"{IMPS: An Interactive Mathematical Proof System}",
  journal =	"{Journal of Automated Reasoning}",
  pages =	"213--248",
  volume =	"11",
  number =	"2",
  year = 	"1993",
}

@InProceedings{alf,
  author =	"L. Magnusson and B. Nordstr{\"o}m",
  title =	"{The ALF proof editor and its proof engine}",
  booktitle =	"{Types for Proofs and Programs}",
  editor =	"H. Barendregt and T. Nipkow",
  year = 	"1994",
  series =	"Lecture Notes in Computer Science",
  publisher =	"Springer",
  volume =	"806",
  pages =	"213--237",
}

@Book{coq,
  author= {Y. Bertot and P. Cast{\'e}ran},
  title= {Coq'Art: The Calculus of Inductive Constructions},
  publisher= {Springer},
  year= "2004",
}

@incollection{coq_cct,
  author = "G. Huet and A. Sa{\"\i}bi",
  title = "Constructive category theory",
  editor = "G. Plotkin and C. Stirling and M. Tofte",
  booktitle = "{Proof, Language and Interaction: Essays in Honour of Robin Milner}",
  year = "1998",
	publisher = "MIT Press"
}
@techreport{coq_ssreflect,
 title = "{A Small Scale Reflection Extension for the Coq system}",
 author = "G. Gonthier and A. Mahboubi",
 institution = "{INRIA}",
 number = "{RR-6455}",
 year = {2008},
}

@Book{caslmanual,
  author =	"{CoFI (The Common Framework Initiative)}",
  title =	"{CASL Reference Manual}",
  year = 	"2004",
  publisher =	"Springer",
  series =	"LNCS",
  volume =	"2960",
}

@incollection{obj,
    author = "J. Goguen and Timothy Winkler and J. Meseguer and K. Futatsugi and J. Jouannaud",
    title = "{Introducing OBJ}",
    booktitle = "Applications of Algebraic Specification using {OBJ}",
    publisher = "Cambridge",
    editor = "J. Goguen and D. Coleman and R. Gallimore",
    year = "1993",
}

@Article{clear,
  title =	"The Semantics of {Clear}, a Specification Language",
  author =	"Joseph A. Goguen and Rod M. Burstall",
  journal =	"Journal of the ACM",
  publisher =	"Springer",
  volume =	"39",
  number =	"1",
  pages =	"95--146",
  year = 	"1980",
}

@InProceedings{aspinallaslplus,
  author =	"D. Aspinall",
  title =	"{Types, Subtypes, and ASL+}",
  editor =	"E. Astesiano and G. Reggio and A. Tarlecki",
  booktitle =	"{Recent Trends in Data Type Specification}",
  publisher =	"Springer",
  year = 	"1994",
  pages =	"116--131",
}

@InProceedings{asl,
  title =	"{A Kernel Language for Algebraic Specification and Implementation}",
  author =	"D. Sannella and M. Wirsing",
  booktitle =	"{Fundamentals of Computation Theory}",
  publisher =	"Springer",
  year = 	"1983",
  editor =	"M. Karpinski",
  pages =	"413--427",
}

@Article{extendedml,
  title =	"{The definition of extended ML: A gentle introduction}",
  author =	"S. Kahrs and D. Sannella and A. Tarlecki",
  pages =	"445--484",
  journal =	"Theoretical Computer Science",
  year = 	"1997",
  volume =	"173",
  number =	"2",
}

@Article{aslplus,
  author =	"D. Sannella and S. Sokolowski and A. Tarlecki",
  title =	"{Toward Formal Development of Programs from Algebraic Specifications: Parameterisation Revisited}",
  journal =	"{Acta Informatica}",
  volume =	"29",
  number =	"8",
  year = 	"1992",
  pages =	"689--736",
}

@inproceedings{maude,
    author = "M. Clavel and S. Eker and P. Lincoln and J. Meseguer",
    title = "Principles of {Maude}",
    booktitle = "Proceedings of the First International Workshop on Rewriting Logic",
    volume = "4",
    editor = "J. Meseguer",
    pages = "65--89",
    year = "1996",
}

@inproceedings{maude_rewriting,
  author = "R. Bruni and J. Meseguer",
  title = "Generalized rewrite theories",
  booktitle = "Proceedings of ICALP '03.",
  publisher = "Springer",
  year = "2003",
}

@INPROCEEDINGS{omega,
  author = {C. Benzm{\"u}ller and L. Cheikhrouhou and D. Fehrer and A. Fiedler and X. Huang and M. Kerber and M. Kohlhase and K. Konrad and E. Melis     and A. Meier and W. Schaarschmidt and J. Siekmann and V. Sorge},
  title = "{$\Omega$MEGA: Towards a mathematical assistant}",
  booktitle = "{Proceedings of the 14th Conference on Automated Deduction}",
  editor = {W. McCune},
  publisher = {Springer},
  year = {1997},
  pages = {252--255},
}

@InProceedings{matita,
  title =	"{Crafting a Proof Assistant}",
  author =	"A. Asperti and C. Sacerdoti Coen and E. Tassi and S. Zacchiroli",
  publisher =	"Springer",
  year = 	"2006",
  booktitle =	"TYPES",
  editor =	"T. Altenkirch and C. McBride",
  pages =	"18--32",
}

@InProceedings{mizar,
  author =	"A. Trybulec and H. Blair",
  title =	"{Computer Assisted Reasoning with MIZAR}",
  pages =	"26--28",
  editor =	"A. Joshi",
  booktitle =	"Proceedings of the 9th International Joint Conference on Artificial Intelligence",
  year = 	"1985",
}
@article{mizar_tarski,
 author = "A. Trybulec",
 title = "{Tarski Grothendieck Set Theory}",
 journal = "{Journal of Formalized Mathematics}",
 year = "1989",
 volume = "Axiomatics",
}
@Article{jaskowski_nd,
  author =	"S. Ja{\'s}kowski",
  journal =	"{Studia Logica}",
  title =	"{On the rules of suppositions in formal logic}",
  volume =	"1",
  year = 	"1934",
  pages =	"5--32",
}
@misc{mizarmanual,
  author =       "E. Bonarska",
  title =        "An Introduction to {PC} Mizar",
  year =         "1990",
  note =    "\url{http://www.mizar.org/project/bonarska91.ps.gz}",
}
@misc{mizar_grammar,
  author = "Mizar",
  title = "{Grammar, version 7.11.02}",
  year = "2009",
  note = "http://mizar.org/language/mizar-grammar.xml"
}
@InProceedings{mizar_types,
  title =	"{Mizar's Soft Type System}",
  author =	"F. Wiedijk",
  booktitle =	"{Theorem Proving in Higher Order Logics}",
  publisher =	"Springer",
  year = 	"2007",
  volume =	"4732",
  editor =	"K. Schneider and J. Brandt",
  pages =	"383--399",
  series =	"Lecture Notes in Computer Science",
}
@InProceedings{mizar_types_bancerek,
  author = "G. Bancerek",
  title = "{On the structure of Mizar types}",
  series = "Electronic Notes in Theoretical Computer Science",
  volume = "85",
  number = "7",
  pages = "69--85",
  year = 2003,
}
@InCollection{mizar_omdoc,
  author = {G. Bancerek and M. Kohlhase},
  title = "{Towards a Mizar Mathematical Library in OMDoc Format}",
  booktitle = "{From Insight to Proof: Festschrift in Honour of Andrzej Trybulec}",
  editor = {R. Matuszewski and A. Zalewska},
  publisher = "{University of Bia{\l}ystok}",
  year = {2007},
  series = "{Studies in Logic, Grammar and Rhetoric}",
  pages = {265--275},
}

@InProceedings{scunak,
  title =	"{Combining Type Theory and Untyped Set Theory}",
  author =	"C. Brown",
  booktitle =	"{International Joint Conference on Automated Reasoning}",
  publisher =	"Springer",
  year = 	"2006",
  editor =	"U. Furbach and N. Shankar",
  pages =	"205--219",
}
@InProceedings{chadcombining,
  title =	"{Combining Type Theory and Untyped Set Theory}",
  author =	"C. Brown",
  booktitle =	"{International Joint Conference on Automated Reasoning}",
  publisher =	"Springer",
  year = 	"2006",
  editor =	"U. Furbach and N. Shankar",
  pages =	"205--219",
}

@inproceedings{beluga,
  title =	"{A Framework for Programming and Reasoning with Deductive Systems (System description)}",
  author =	"B. Pientka and J. Dunfield",
  booktitle =	"{International Joint Conference on Automated Reasoning}",
  year = 	"2010",
  note = "To appear",
}

@Book{automathpapers,
  title =        "Selected Papers on Automath",
  publisher =    "North-Holland",
  year =         "1994",
  editor =       "R. P. Nederpelt and J. H. Geuvers and R. C. de Vrijer",
  volume =       "133",
  series =       "Studies in Logic and the Foundations of Mathematics",
}

@InCollection{automath,
  author =	"N. de Bruijn",
  title =	"{The Mathematical Language AUTOMATH}",
  booktitle = "{Proceedings of the Symposium on Automated Demonstration}",
  editor = "M. Laudet",
  pages =	"29--61",
  series =	"Lecture Notes in Mathematics",
  volume =	"25",
  publisher =	"Springer",
  year = 	"1970",
}

@article{vampire,
  author = 	 {A. Riazanov and A. Voronkov},
  title = 	 {The design and implementation of {Vampire}},
  journal = 	 {AI Communications},
  volume =       {15},
  pages =        {91--110},
  year =	 2002
}

@techreport{prover9,
 author = "W. McCune",
 title = "{Otter 3.3 Reference Manual}",
 institution = "{Mathematics and Computer Science Division, Argonne National Laboratory}",
 year = "2003",
 number = "ANL/MCS-TM-263",
 note = "\url{http://www.cs.unm.edu/~mccune/mace4/manual-examples.html}",
}

@inproceedings{leo2,
  title =	"{LEO-II - A Cooperative Automatic Theorem Prover for Classical Higher-Order Logic (System Description)}",
  author ="C. Benzm{\"u}ller and L. Paulson and F. Theiss and A. Fietzke",
  year = "2008",
  booktitle = "Automated Reasoning",
  editor =	"A. Armando and P. Baumgartner and G. Dowek",
  publisher =	"Springer",
  pages =	"162--170",
}

@inproceedings{paradox,
  title ="{New Techniques that Improve MACE-style Finite Model Finding}",
  author ="K. Claessen and N. Sorensson",
  year = "2003",
  booktitle = "CADE-19 Workshop on Model Computation - Principles, Algorithms, Applications"
}

@InProceedings{spass,
  author =	"C. Weidenbach and U. Brahm and T. Hillenbrand and E. Keen and C. Theobalt and D. Topic",
  title =	"{SPASS Version 2.0}",
  editor =	"A. Voronkov",
  booktitle =	"Conference on Automated Deduction",
  year = 	"2002",
  publisher =	"Springer",
  pages =	"275--279",
}

@InProceedings{E,
  title =	"{System Abstract: E 0.61}",
  author =	"S. Schulz",
  booktitle =	"{International Joint Conference on Automated Reasoning}",
  publisher =	"Springer",
  year = 	"2001",
  editor =	"R. Gor{\'e} and A. Leitsch and T. Nipkow",
  pages =	"370--375",
}
@inproceedings{opentheory,
  author = {J. Hurd},
  title = "{OpenTheory: Package Management for Higher Order Logic Theories}",
  booktitle = "{Programming Languages for Mechanized Mathematics Systems}",
  editor = {G. Dos Reis and L. Th{\'e}ry},
  pages = {31--37},
  publisher = "{ACM}",
  year = 2009
}

@Article{klone,
  author =	"R. Brachman and J. Schmolze",
  title =	"{An Overview of the KL-ONE Knowledge Representation Scheme}",
  journal =	"Cognitive Science",
  volume =	"9",
  number =	"2",
  year = 	"1985",
}

@book{omdoc,
  author = "M. Kohlhase",
  title = "{OMDoc: An Open Markup Format for Mathematical Documents (Version 1.2)}",
  series = "{Lecture Notes in Artificial Intelligence}",
  number = "4180",
  publisher = "Springer",
  year = "2006",
}

@article{kohlhaseopenmath,
  author = "M. Kohlhase",
  title = "{OMDoc: An Infrastructure for OpenMath Content Dictionary Information}",
  journal = "Bulletin of the ACM Special Interest Group on Symbolic and Automated Mathematics",
  volume = "34",
  pages = "43--48",
  year = 2000
}

@INPROCEEDINGS{mathwebsearch,
  author = {M. Kohlhase and I. {\c{S}}ucan},
  title = "{A Search Engine for Mathematical Formulae}",
  booktitle = "{Artificial Intelligence and Symbolic Computation}",
  pages = {241--253},
  year = {2006},
  editor = {T. Ida and J. Calmet and D. Wang},
  publisher = {Springer},
}

@Article{dlmf,
  title =	"{Technical Aspects of the Digital Library of Mathematical Functions}",
  author =	"B. Miller and A. Youssef",
  journal =	"{Annals of Mathematics and Artificial Intelligence}",
  year = 	"2003",
  volume =	"38",
  number =	"1-3",
  pages =	"121--136",
}

@misc{locutor,
  author = 	 {N. M{\"u}ller and M. Kohlhase},
  title = 	 {{Fine-Granular Version Control \& Redundancy Resolution}},
  note = {To be submitted},
  year = {2008},
}

@InProceedings{stexide,
  author = {C. Jucovschi and M. Kohlhase},
  title = "{sTeXIDE: An Integrated Development Environment for sTeX Collections}",
  editor = {S. Autexier and J. Calmet and D. Delahaye and P. Ion and L. Rideau and R. Rioboo and A. Sexton},
  booktitle = "{Intelligent Computer Mathematics}",
  series = {Lecture Notes in Artificial Intelligence},
  publisher = {Springer},
  number = {6167},
  year = {2010},
}

@inproceedings{planetary,
 author = {M. Kohlhase and C. David and D. Ginev and A. Kohlhase and C. Lange and B. Matican and S. Mirea and V. Zholudev},
  title = "{The Planetary System: Web 3.0 \& Active Documents for STEM}",
  note = {To appear at ICCS 2011 (finalist at the Executable Papers Challenge), see \url{https://svn.mathweb.org/repos/planetary/doc/epc11/paper.pdf}},
  year = 2011,
}

@InProceedings{tntbase,
  author = {V. Zholudev and M. Kohlhase},
  booktitle = "{Proceedings of Balisage: The Markup Conference 2009}",
  title = "{TNTBase: a Versioned Storage for XML}",
  year = "2009",
  series = "{Balisage Series on Markup Technologies}",
  volume = 3,
  publisher = {Mulberry Technologies, Inc.},
}

@InProceedings{tntbase_virtual,
  author = 	 {V. Zholudev and M. Kohlhase},
  title = 	 "{Scripting Documents with XQuery: Virtual Documents in TNTBase}",
  booktitle = {Proceedings of Balisage: The Markup Conference},
  publisher = {Mulberry Technologies, Inc.},
  series = {Balisage Series on Markup Technologies},
  year = {2010}
}

@misc{omdoc_pvs,
  author = "M. Kohlhase and S. Owre",
  title = "An {OMDoc} interface to {PVS}",
  year = "2005",
  note = "See \url{https://svn.mathweb.org/repos/mathweb.org/trunk/omdoc/projects/pvs/doc/index.html}"
}

@TECHREPORT{openmath,
  Author = {S. Buswell and O. Caprotti and D. Carlisle and M. Dewar and M. Gaetano and M. Kohlhase},
  title = "{The Open Math Standard, Version 2.0}",
  institution = {The Open Math Society},
  year = 2004,
  note = {See \url{http://www.openmath.org/standard/om20}},
}

%author = {R. Ausbrooks and S. Buswell and D. Carlisle and S. Dalmas and S. Devitt and A. Diaz and M. Froumentin and R. Hunter and P. Ion and M. Kohlhase and R. Miner and N. Poppelier and B. Smith and N. Soiffer and R. Sutor and S. Watt}
%editor = {D. Carlisle and P. Ion and R. Miner and N. Poppelier},
@misc{mathml,
  author = {W3C},
  title = "{Mathematical Markup Language (MathML) Version 2.0 (second edition)}",
  year = {2003},
  note = {See \url{http://www.w3.org/TR/MathML2}},
}

@TECHREPORT{mathml3,
  author = "R. Ausbrooks and S. Buswell and D. Carlisle and G. Chavchanidze and S. Dalmas and S. Devitt and A. Diaz and S. Dooley and R. Hunter and P. Ion and M. Kohlhase and A. Lazrek and P. Libbrecht and B. Miller and R. Miner and C. Rowley and M. Sargent and B. Smith and N. Soiffer and R. Sutor and S. Watt",
  title = "{Mathematical Markup Language (MathML) Version 3.0}",
  institution = {World Wide Web Consortium},
  year = {2010},
  note = {See \url{http://www.w3.org/TR/MathML3}},
  editor = {D. Carlisle and P. Ion and R. Miner},
}

@misc{openmathtypes,
	author = "O. Caprotti and A. Cohen",
	title = "A Type System For OpenMath",
	note = "See \url{http://www.openmath.org/cocoon/openmath/standard/}"
}

@InProceedings{omdoc_kenzo,
  title =	"{Using Open Mathematical Documents to Interface Computer Algebra and Proof Assistant Systems}",
  author =	"J. Heras and V. Pascual and J. Rubio",
  booktitle =	"Intelligent Computer Mathematics",
  publisher =	"Springer",
  year = 	"2009",
  editor =	"J. Carette and L. Dixon and C. Sacerdoti Coen and S. Watt",
  pages =	"467--473",
}

@TECHREPORT{uri,
  author = {T. Berners-Lee and R. Fielding and L. Masinter},
  title = "{Uniform Resource Identifier (URI): Generic Syntax}",
  institution = {Internet Engineering Task Force},
  year = {2005},
  type = {RFC},
  number = {3986},
  url = {http://www.ietf.org/rfc/rfc3986.txt}
}

@Article{cml,
  author =	"P. Murray-Rust and H. Rzepa",
  title =	"{Chemical Markup, XML and the Worldwide Web. Part 4. CML Schema}",
  journal =	"{Journal of Chemical Information and Computer Sciences}",
  volume =	"43",
  number =	"3",
  pages =	"757--772",
  year = 	"2003",
}

@misc{rdf,
  author =	"{RDF Core Working Group of the W3C}",
  title =	"{Resource Description Framework Specification}",
  year = 	"2004",
  note = "\url{http://www.w3.org/RDF/}"
}

@misc{sparql,
  author =	"{W3C}",
  title =	"{SPARQL Query Language for RDF}",
  year = 	"2008",
  note = "\url{http://www.w3.org/TR/rdf-sparql-query/}"
}

@misc{xml,
  author =	"{W3C}",
  title =	"{Extensible Markup Language (XML)}",
  year = 	"1998",
  note = "\url{http://www.w3.org/XML}"
}

@misc{xquery,
  author =	"{W3C}",
  title =	"{XQuery 1.0: An XML Query Language}",
  year = 	"2007",
  note = "\url{http://www.w3.org/TR/xquery/}"
}

@misc{xpath,
  author =	"{W3C}",
  title =	"{XML Path Language}",
  year = 	"1999",
  note = "\url{http://www.w3.org/TR/xpath/}"
}

@misc{xpointerframework,
  author =	"{W3C}",
  title =	"{XPointer Framework}",
  year = 	"2002",
  note = "\url{http://www.w3.org/TR/xptr-framework/}"
}

@misc{owl,
 author = "{W3C}",
 title = "{OWL 2 Web Ontology Language}",
 year = "2009",
 note = "\url{http://www.w3.org/TR/owl-overview/}",
}

@misc{relaxng,
  key = "RELAXNG",
  author =	"J. Clark and M. Makoto",
  title =	"{RELAX NG Specification}",
  note = "{By the Organization for the Advancement of Structured Information Standards (OASIS). \url{http://relaxng.org/}}",
  year = 	"2001",
}

@PhdThesis{rest,
  author =	"R. Fielding",
  title =	"{Architectural Styles and the Design of Network-based Software Architectures}",
  school =	"{University of California, Irvine}",
  year = 	"2000",
}

@misc{sql,
  author = "{ANSI/ISO/IEC}",
	title = "{9075:2003, Database Language SQL}",
	year = "2003",
}

@misc{svn,
  author = "{Apache Software Foundation}",
	title = "{Apache Subversion}",
	note = "see http://subversion.apache.org/",
	year = "2000",
}

@misc{berkeleydb,
  author = "Oracle",
	title = "Oracle Berkeley DB",
	note = "see \url{http://www.oracle.com/us/products/database/berkeley-db/db/index.html}",
	year = "2010",
}

@misc{berkeleydbxml,
  author = "Oracle",
	title = "Oracle Berkeley DB XML",
	note = "see \url{http://www.oracle.com/us/products/database/berkeley-db/xml/index.html}",
	year = "2010",
}

@Manual{commoncriteria,
  title =	"{Common Criteria for Information Technology Security Evaluation}",
  key =  	"Common Criteria",
  organization = "ISO/IEC Standard 15408",
  year = 	"1998",
  note = "See \url{http://www.commoncriteriaportal.org/}",
}

@Book{sml,
  author =	"R. Milner and M. Tofte and R. Harper and D. MacQueen",
  title =	"{The Definition of {S}tandard {ML}, {\rm Revised edition}}",
  publisher =	"{MIT Press}",
  year = 	"1997",
}

@misc{smlnj,
	title = "{Standard ML of New Jersey}",
	key = "SML",
	note = "See \url{http://www.smlnj.org}"
}

@misc{sml_library,
	title = "Standard ML Basis Library",
	key = "SML",
	note = "See \url{http://www.standardml.org/Basis/}",
	year = 1997,
}

@Book{java,
  title =	"{The Java Language Specification}",
  author =	"J. Gosling and W. Joy and G. Steele Jr.",
  publisher =	"{Addison-Wesley}",
  year = 	"1996",
}

@Book{scala,
 title = "{Programming in Scala}",
 author = "M. Odersky and L. Spoon and B. Venners",
 year = "2007",
 publisher = "artima",
}

@misc{lift,
 title = "Lift Web Framework",
 author = "D. Pollak and et. al.",
 year = "2007",
 note = "\url{http://liftweb.net}",
}

@misc{tiscaf,
 title = "tiscaf http server",
 author = "A. Gaydenko",
 year = "2008",
 note = "\url{http://gaydenko.com/scala/tiscaf/httpd/}",
}

@misc{javadoc,
	title = "{Javadoc Tool}",
	key = "Javadoc",
	note = "Part of the Java 2 SDK, see \url{http://java.sun.com/j2se/javadoc/}",
	year = 2004
}

@unpublished{mathscheme,
  author = "J. Carette and W. Farmer and R. O'Connor",
  title = "The MathScheme Language",
  year = 2010,
  note = "unpublished",
}

@Article{tptp,
    Author       = "G. Sutcliffe and C. Suttner",
    Year         = "1998",
    Title        = "{The {TPTP} Problem Library: {CNF} Release v1.2.1}",
    Journal      = "Journal of Automated Reasoning",
    Volume       = "21",
    Number       = "2",
    Pages        = "177-203",
}

@Article{casc,
    Author       = "F. Pelletier and G. Sutcliffe and C. Suttner",
    Year         = "2002",
    Title        = "{The Development of {CASC}}",
    Journal      = "{AI} Communications",
    Volume       = "15",
    Number       = "2-3",
    Pages        = "79-90"
}

@InProceedings{maya,
  author =	"S. Autexier and D. Hutter and T. Mossakowski and A. Schairer",
  title =	"{The Development Graph Manager Maya (System Description)}",
  editor =	"H. Kirchner and C. Ringeissen",
  booktitle =	"Algebraic Methods and Software Technology, 9th International Conference",
  year = 	"2002",
  publisher =	"Springer",
  pages =	"495--502",
}

@InProceedings{fact,
  title =	"{The FaCT System}",
  author =	"I. Horrocks",
  booktitle =	"{Automated Reasoning with Analytic Tableaux and Related Methods, TABLEAUX}",
  publisher =	"Springer",
  year = 	"1998",
  editor =	"H. de Swart",
  pages =	"307--312",
}

@Article{key,
  author =	"W. Ahrendt and T. Baar and B. Beckert and R. Bubel and M. Giese and R. H{\"a}hnle and W. Menzel and W. Mostowski and A. Roth and S. Schlager and P. Schmitt",
  title =	"{The KeY Tool}",
  journal =	"{Software and System Modeling}",
  volume =	"4",
  pages =	"32--54",
  year = 	"2005",
}

@InProceedings{hets,
 author = "T. Mossakowski and C. Maeder and K. L{\"u}ttich",
 title = "{The Heterogeneous Tool Set}",
 year = {2007},
 editor = "{O. Grumberg and M. Huth}",
 booktitle = "{TACAS 2007}",
 volume = "4424",
 pages = "519--522",
 series = "{Lecture Notes in Computer Science}",
}

@inproceedings{mspass,
author = {U. Hustadt and R. Schmidt},
year = {2000},
title = "{MSPASS: Modal Reasoning by Translation and First-Order Resolution}",
editor = {R. Dyckhoff},
booktitle = "{Automated Reasoning with Analytic Tableaux and Related Methods, International Conference (TABLEAUX 2000)}",
pages = {67--71},
}

@InProceedings{tptpsigmakee,
  title =	"{Integration of the TPTPWorld into SigmaKEE}",
  author =	"S. Trac and G. Sutcliffe and A. Pease",
  booktitle =	"Practical Aspects of Automated Reasoning",
  year = 	"2008",
  volume =	"373",
  editor =	"B. Konev and R. Schmidt and S. Schulz",
  series =	"CEUR Workshop Proceedings",
}

@InProceedings{tramp,
  title =	"{System Description: TRAMP: Transformation of Machine-Found Proofs into ND-Proofs at the Assertion Level}",
  author =	"A. Meier",
  booktitle =	"Automated Deduction",
  publisher =	"Springer",
  year = 	"2000",
  series =	"Lecture Notes in Computer Science",
  volume =	"1831",
  editor =	"D. McAllester",
  pages =	"460--464",
}


@Article{modula,
  author =	"N. Wirth",
  title =	"{Design and Implementation of Modula}",
  journal =	"{Software-Practice and Experience}",
  volume =	"7",
  number =	"1",
  pages =	"67--84",
  year = 	"1977",
}

@TechReport{chiron,
  author = 	 {W. Farmer},
  title = 	 "{Chiron: A set theory with types, undefinedness, quotation, and evaluation}",
  institution =  {McMaster University},
  year = 	 2010,
  type = 	 {SQRL Report},
  number = 	 38,
  url = {http://imps.mcmaster.ca/doc/chiron-tr.pdf},
}

