@unpublished{Hor:patterns,
 author = {F. Horozal},
 title = {Logic Translations with Declaration Patterns},
 note = {\url{https://svn.kwarc.info/repos/fhorozal/pubs/patterns.pdf}},
 year = {2012}
}